@article{bs58,
  author  = {Borel, Armand and Serre, Jean-Pierre},
  title   = {Le th\'eor\`eme de {R}iemann-{R}och},
  journal = {Bull. Soc. Math. France},
  volume  = {86},
  year    = {1958},
  pages   = {97--136}
}

